@String{onkoronS = "Proc. Spring Meeting of the Acoustical Society of Japan"}
@String{onkoronA = "Proc. Autumn Meeting of the Acoustical Society of Japan"}
@String{APSIPA = "Proc. Asia-Pacific Signal and Information Processing Association Annual Summit and Conference (APSIPA)"}
@String{ICASSP = "Proc. {IEEE} International Conference on Acoustics, Speech and Signal Processing (ICASSP)"}
@String{CAMSAP = "Proc. {IEEE} International Workshop on Computational Advances in Multi-Sensor Adaptive Processing (CAMSAP)"}
@String{WASPAA = "Proc. {IEEE} Workshop on Applications of Signal Processing to Audio and Acoustics (WASPAA)"}
@String{LVAICA = "Proc. Latent Variable Analysis and Signal Separation (LVA/ICA)"}
@String{ICA =    "Proc. Int. Conf. Independent Compon. Anal. Signal Separation (ICA)"}
@String{IWAENC = "Proc. {IEEE} International Workshop on Acoustic Signal Enhancement (IWAENC)"}
@String{EUSIPCO = "Proc. European Signal Processing Conference (EUSIPCO)"}
@String{HSCMA =  "Proc. Hands-Free Speech Communication and Microphone Arrays (HSCMA)"}

@Book{Makino:2018:ASS,
  title =        "Audio Source Separation",
  editor =       "Shoji Makino",
  publisher =    "Springer International Publishing",
  year =         "2018",
  DOI =          "10.007/978-3-319-73031-8",
}

@InProceedings{Ono:2011:WASPAA,
  author =       "Nobutaka Ono",
  title =        "Stable and fast update rules for independent vector analysis based on auxiliary function technique",
  pages =        "189--192",
  booktitle =    WASPAA,
  year =         "2011",
  month =        oct,
  DOI =          "10.1109/ASPAA.2011.6082320",
}

@InProceedings{Ono:2012:APSIPA,
  author =       "Nobutaka Ono",
  title =        "Auxiliary-function based independent vector analysis with power of vector-norm type weighting functions",
  booktitle =    APSIPA,
  year =         "2012",
  pages =        "1--4",
  month =        dec,
}

@Article{Kitamura:2016:ASLP,
  author =       "Daichi Kitamura and Nobutaka Ono and Hiroshi Sawada and Hirokazu Kameoka and Hiroshi Saruwatari",
  title =        "Determined blind source separation unifying independent vector analysis and nonnegative matrix factorization",
  journal =      IEEE_J_ASL,
  volume =       "24",
  pages =        "1622--1637",
  publisher =    "IEEE",
  number =       "9",
  year =         "2016",
  month =        sep,
  DOI =          "10.1109/TASLP.2016.2577880",
}

@Article{Kim:2006:ASL,
  author =       "Taesu Kim and Hagai T Attias and Soo-Young Lee and Te-Won Lee",
  title =        "Blind source separation exploiting higher-order frequency dependencies",
  journal =      IEEE_J_ASL,
  volume =       "15",
  pages =        "70--79",
  publisher =    "IEEE",
  number =       "1",
  year =         "2006",
  month =        jan,
  DOI =          "10.1109/TASL.2006.872618",
}

@InProceedings{Hiroe:2006:ICA,
  author =       "Atsuo Hiroe",
  title =        "Solution of permutation problem in frequency domain {ICA}, using multivariate probability density functions",
  pages =        "601--608",
  booktitle =    ICA,
  year =         "2006",
  month =        mar,
  DOI =          "10.1007/11679363_75",
}

@InProceedings{Taniguchi:2014:HSCMA,
  author =       "Toru Taniguchi and Nobutaka Ono and Akinori Kawamura and Shigeki Sagayama",
  title =        "An auxiliary-function approach to online independent vector analysis for real-time blind source separation",
  pages =        "107--111",
  booktitle =    HSCMA,
  year =         "2014",
  month =        may,
}

@InProceedings{Sunohara:2017:ICASSP,
  author =       "Masahiro Sunohara and Chiho Haruta and Nobutaka Ono",
  booktitle =    ICASSP,
  title =        "Low-latency real-time blind source separation for hearing aids based on time-domain implementation of online independent vector analysis with truncation of
                 non-causal components",
  year =         "2017",
  pages =        "216--220",
  DOI =          "10.1109/ICASSP.2017.7952149",
  month =        mar,
}

@InProceedings{Wakabayashi:2021:ASJ:A,
  title =        "Steering vector estimation of moving source using sound field interpolation in the circumference",
  title_ja =     "円周上の音場補間を利用した移動音源のステアリングベクトル推定",
  author_ja =    "佑幸 若林 and 洸瑛 山岡 and 順貴 小野",
  author =       "Yukoh Wakabayashi and Kouei Yamaoka and Nobutaka Ono",
  pages =        "293--294",
  booktitle =    onkoronA,
  year =         "2021",
  month =        sep,
  note =         "in Japanese",
}

@InProceedings{Wakabayashi:2021:ICASSP,
  title =        "Rotation-robust beamforming based on sound field interpolation with regularly circular microphone array",
  author =       "Yukoh Wakabayashi and Kouei Yamaoka and Nobutaka Ono",
  pages =        "771--775",
  booktitle =    ICASSP,
  month =        jun,
  year =         "2021",
  DOI =          "10.1109/ICASSP39728.2021.9414196",
}

@InProceedings{LeRoux:2019:ICASSP,
  author =       "Jonathan {Le Roux} and Scott {Wisdom} and Hakan {Erdogan} and John R. {Hershey}",
  title =        "{SDR} --- half-baked or well done?",
  pages =        "626--630",
  booktitle =    ICASSP,
  ISSN =         "1520--6149",
  year =         "2019",
  month =        may,
  DOI =          "10.1109/ICASSP.2019.8683855",
}

@InProceedings{Lian:2021:APSIPA,
  author =       "Guansan Lian and Yukoh Wakabayashi and Taishi Nakashima and Nobutaka Ono",
  title =        "Self-rotation angle estimation of circular microphone array based on sound field interpolation",
  booktitle =    APSIPA,
  pages =        "1016--1020",
  year =         "2021",
  month =        dec,
}

@Article{Allen:1979:JASA,
  author =       "Jont B. Allen and David A. Berkley",
  title =        "Image method for efficiently simulating small‐room acoustics",
  journal =      "The Journal of the Acoustical Society of America",
  volume =       "65",
  number =       "4",
  pages =        "943--950",
  year =         "1979",
  DOI =          "10.1121/1.382599",
}

@Article{Wakabayashi:2023:ASLP,
  author =       "Yukoh Wakabayashi and Kouei Yamaoka and Nobutaka Ono",
  journal =      IEEE_J_ASLP,
  title =        "Sound field interpolation for rotation-invariant multichannel array signal processing",
  year =         "2023",
  volume =       "31",
  pages =        "2286--2298",
  DOI =          "10.1109/TASLP.2023.3282098",
}

@Article{Kim:2010:CASI,
  title =        "Real-time independent vector analysis for convolutive blind source separation",
  author =       "Taesu Kim",
  journal =      IEEE_J_CASI,
  volume =       "57",
  number =       "7",
  pages =        "1431--1438",
  year =         "2010",
  DOI =          "10.1109/TCSI.2010.2048777",
}

@InProceedings{Nakashima:2023:ICASSP,
  author =       "Taishi Nakashima and Rintaro Ikeshita and Nobutaka Ono and Shoko Araki and Tomohiro Nakatani",
  booktitle =    ICASSP,
  title =        "Fast online source steering algorithm for tracking single moving source using online independent vector analysis",
  year =         "2023",
  pages =        "",
  DOI =          "10.1109/ICASSP49357.2023.10094962",
  month =        jun,
}

@InProceedings{Ueda:2021:ICASSP,
  author =       "Tetsuya Ueda and Tomohiro Nakatani and Rintaro Ikeshita and Keisuke Kinoshita and Shoko Araki and Shoji Makino",
  booktitle =    ICASSP,
  title =        "Low latency online blind source separation based on joint optimization with blind dereverberation",
  year =         "2021",
  month =        jun,
  pages =        "506--510",
  DOI =          "10.1109/ICASSP39728.2021.9413700",
}

@Article{Brendel:2020:SP,
  author =       "Andreas Brendel and Thomas Haubner and Walter Kellermann",
  journal =      IEEE_J_SP,
  title =        "A unified probabilistic view on spatially informed source separation and extraction based on independent vector analysis",
  year =         "2020",
  volume =       "68",
  pages =        "3545--3558",
  DOI =          "10.1109/TSP.2020.3000199",
  ISSN =         "1941-0476",
}

@InProceedings{Koldovsky:2019:ICASSP,
  author =       "Zbyn{\v{e}}k Koldovsk{\'y} and Ji{\v{r}}{\'i} M{\'a}lek and Jakub Jansk{\'y}",
  booktitle =    ICASSP,
  title =        "Extraction of independent vector component from underdetermined mixtures through block-wise determined modeling",
  year =         "2019",
  pages =        "7903--7907",
  DOI =          "10.1109/ICASSP.2019.8683431",
  ISSN =         "2379-190X",
  month =        may,
}

@Article{Koldovsky:2021:SP,
  author =       "Zbyn{\v{e}}k Koldovsk{\'y} and V{\'a}clav Kautsk{\'y} and Petr Tichavsk{\'y} and Jaroslav {\v{C}}mejla and Ji{\v{r}}{\'i} M{\'a}lek",
  journal =      IEEE_J_SP,
  title =        "Dynamic independent component/vector analysis: time-variant linear mixtures separable by time-invariant beamformers",
  year =         "2021",
  volume =       "69",
  pages =        "2158--2173",
  DOI =          "10.1109/TSP.2021.3068626",
  ISSN =         "1941-0476",
  comment =      "CSV model",
}

@Article{Jansky:2022:ASMP,
  author =       "Jakub Jansk{\'y} and Zbyn{\v{e}}k Koldovsk{\'y} and Ji{\v{r}}{\'i} M{\'a}lek and Tom{\'a}{\v{s}} Kounovsk{\'y} and Jaroslav {\v{C}}mejla",
  title =        "Auxiliary function-based algorithm for blind extraction of a moving speaker",
  journal =      "EURASIP Journal on Audio, Speech, and Music Processing",
  year =         "2022",
  month =        jan,
  day =          "04",
  volume =       "2022",
  number =       "1",
  pages =        "1",
  DOI =          "10.1186/s13636-021-00231-6",
}

@Article{Nugraha:2020:SPL,
  author =       "Aditya Arie Nugraha and Kouhei Sekiguchi and Mathieu Fontaine and Yoshiaki Bando and Kazuyoshi Yoshii",
  journal =      "IEEE Signal Processing Letters",
  title =        "Flow-based independent vector analysis for blind source separation",
  year =         "2020",
  volume =       "27",
  pages =        "2173--2177",
  DOI =          "10.1109/LSP.2020.3039944",
}

@Article{Takamichi:2019:arxiv,
  title =        "{JVS} corpus: free {Japanese} multi-speaker voice corpus",
  author =       "Shinnosuke Takamichi and Kentaro Mitsui and Yuki Saito and Tomoki Koriyama and Naoko Tanji and Hiroshi Saruwatari",
  year =         "2019",
  eprint =       "1908.06248",
  archiveprefix = "arXiv",
  primaryclass = "cs.SD",
  DOI =          "10.48550/arXiv.1908.06248",
}

@InProceedings{Guiraud:2022:IWAENC,
  author =       "Pierre Guiraud and Sina Hafezi and Patrick A. Naylor and Alastair H. Moore and Jacob Donley and Vladimir Tourbabin and Thomas Lunner",
  booktitle =    IWAENC,
  title =        "An introduction to the speech enhancement for augmented reality ({SPEAR}) challenge",
  year =         "2022",
  DOI =          "10.1109/IWAENC53105.2022.9914721",
}

@InProceedings{Akeroyd:2023:ICASSP,
  author =       "Michael A. Akeroyd and Will Bailey and Jon Barker and Trevor J. Cox and John F. Culling and Simone Graetzer and Graham Naylor and Zuzanna Podwińska and Zehai Tu",
  booktitle =    ICASSP,
  title =        "The 2nd Clarity Enhancement Challenge for Hearing Aid Speech Intelligibility Enhancement: Overview and Outcomes",
  year =         "2023",
  DOI =          "10.1109/ICASSP49357.2023.10094918",
}

@Article{Donley:2021:arxiv,
  author =       "Jacob Donley and Vladimir Tourbabin and Jung-Suk Lee and Mark Broyles and Hao Jiang and Jie Shen and Maja Pantic and Vamsi Krishna Ithapu and Ravish Mehra",
  title =        "{EasyCom}: An augmented reality dataset to support algorithms for easy communication in noisy environments",
  year =         "2021",
  eprint =       "2107.04174v2",
  archiveprefix = "arXiv",
  primaryclass = "cs.SD",
  DOI =          "10.48550/arXiv.2107.04174"
}

@Article{Murata:2001:NC,
  author =       "Noboru Murata and Shiro Ikeda and Andreas Ziehe",
  title =        "An approach to blind source separation based on temporal structure of speech signals",
  journal =      "Neurocomputing",
  volume =       "41",
  pages =        "1--24",
  publisher =    "Elsevier",
  number =       "1-4",
  year =         "2001",
  month =        oct,
  DOI =          "10.1016/S0925-2312(00)00345-3",
}

@InProceedings{Weisberg:2019:ICASSP,
  author =       "Koby Weisberg and Sharon Gannot and Ofer Schwartz",
  booktitle =    ICASSP,
  title =        "An online multiple-speaker {DOA} tracking using the {C}app\'{e}-{M}oulines recursive expectation-maximization algorithm",
  year =         "2019",
  month = may,
  pages =        "656--660",
  DOI =          "10.1109/ICASSP.2019.8682659",
}

@Article{Schwartz:2021:ASMP,
  author =       "Ofer Schwartz and Sharon Gannot",
  title =        "A recursive expectation-maximization algorithm for speaker tracking and separation",
  journal =      "{EURASIP} Journal on Audio, Speech, and Music Processing",
  year =         "2021",
  month =        dec,
  volume =       "2021",
  number =       "1",
  DOI =          "10.1186/s13636-021-00228-1",
}

@Article{Higuchi:2017:ASLP,
  author =       "Takuya Higuchi and Nobutaka Ito and Shoko Araki and Takuya Yoshioka and Marc Delcroix and Tomohiro Nakatani",
  title =        "Online {MVDR} beamformer based on complex {G}aussian mixture model with spatial prior for noise robust {ASR}",
  journal =      IEEE_J_ASLP,
  year =         "2017",
  month =        apr,
  volume =       "25",
  number =       "4",
  pages =        "780--793",
  DOI =          "10.1109/taslp.2017.2665341",
}

@InProceedings{Ikeshita:2020:ICASSP,
  author =       "Rintaro Ikeshita and Tomohiro Nakatani and Shoko Araki",
  booktitle =    ICASSP,
  title =        "Overdetermined independent vector analysis",
  year =         "2020",
  pages =        "591--595",
  DOI =          "10.1109/ICASSP40776.2020.9053790",
}

@InProceedings{Scheibler:2019:WASPAA,
  author =       "Robin Scheibler and Nobutaka Ono",
  booktitle =    WASPAA,
  title =        "Independent Vector Analysis with More Microphones Than Sources",
  year =         "2019",
  pages =        "185--189",
  DOI =          "10.1109/WASPAA.2019.8937080",
}

@InProceedings{Yamaoka:2019:EUSIPCO,
  author =       "Kouei Yamaoka and Li Li and Nobutaka Ono and Shoji Makino and Takeshi Yamada",
  booktitle =    EUSIPCO,
  title =        "{CNN}-based virtual microphone signal estimation for {MPDR} beamforming in underdetermined situations",
  year =         "2019",
  DOI =          "10.23919/EUSIPCO.2019.8903040",
}

@Article{Yamaoka:2021:ASLP,
  author =       "Kouei Yamaoka and Nobutaka Ono and Shoji Makino",
  journal =      IEEE_J_ASLP,
  title =        "Time-Frequency-Bin-Wise Linear Combination of Beamformers for Distortionless Signal Enhancement",
  year =         "2021",
  volume =       "29",
  pages =        "3461--3475",
  DOI =          "10.1109/TASLP.2021.3126950",
}
